<?xml version="1.0" encoding="UTF-8"?><collection xmlns="http://www.loc.gov/MARC21/slim"><record><leader>00428nam--2200121-i-4500</leader><controlfield tag="001">000037054</controlfield><controlfield tag="002">20161230</controlfield><controlfield tag="005">20161230201041</controlfield><controlfield tag="008">060222s1000------------r-----000-0-eng-d</controlfield><datafield ind1=" " ind2=" " tag="080"><subfield code="a">62-52:001:061.3</subfield></datafield><datafield ind1=" " ind2=" " tag="245"><subfield code="a">Probleme de automatizare. sisteme autonome dsi de prelucrare a informatiilor. sesiune de comunicari stiintifice in domeniul automatizarii (27-29 mai 1971)</subfield></datafield><datafield ind1=" " ind2=" " tag="260"><subfield code="a">Bucuresti, Ed.Acad.R.S.R., 1973, 238p</subfield></datafield><datafield ind1=" " ind2=" " tag="852"><subfield code="a">38428</subfield></datafield></record></collection>